<?xml version="1.0" encoding="UTF-8"?><collection xmlns="http://www.loc.gov/MARC21/slim"><record><leader>00488nam--2200133-i-4500</leader><controlfield tag="001">000028731</controlfield><controlfield tag="002">20161230</controlfield><controlfield tag="005">20161230201037</controlfield><controlfield tag="008">060222s1000------------r-----000-0-eng-d</controlfield><datafield ind1=" " ind2=" " tag="080"><subfield code="a">621.59(043)</subfield></datafield><datafield ind1=" " ind2=" " tag="100"><subfield code="a">Le Fur, Daniel</subfield></datafield><datafield ind1=" " ind2=" " tag="245"><subfield code="a">Refrigerateur a dissolution pour des etudes physiques entre 40 mk et 1k: mise en evidence des effets convectifs dans les solutions isotopiques de l`helium. these</subfield></datafield><datafield ind1=" " ind2=" " tag="260"><subfield code="a">Paris, Orsay, Universite De Paris-sud, Centre Orsay, 1976, 135p</subfield></datafield><datafield ind1=" " ind2=" " tag="852"><subfield code="a">44064</subfield></datafield></record></collection>